% 01
@INPROCEEDINGS{01,
  author={Stoja, Sebastijan and Vukmirovic, Srdjan and Jelacic, Bojan and Capko, Darko and Dalcekovic, Nikola},
  booktitle={2014 2nd International Conference on Artificial Intelligence, Modelling and Simulation}, 
  title={Architecture of Real-Time Database in Cloud Environment for Distributed Systems}, 
  year={2014},
  volume={},
  number={},
  pages={258-263},
  doi={10.1109/AIMS.2014.54}}

% 02
@INPROCEEDINGS{02,
  author={Singh, Manjeet},
  booktitle={International Conference on Computing, Communication & Automation}, 
  title={Study on cloud computing and cloud database}, 
  year={2015},
  volume={},
  number={},
  pages={708-713},
  doi={10.1109/CCAA.2015.7148468}}

% 03
@INPROCEEDINGS{03,
  author={Jain, Niraja and Deshpande, A V and Raghu, B and Khanaa, V},
  booktitle={2017 International Conference on Algorithms, Methodology, Models and Applications in Emerging Technologies (ICAMMAET)}, 
  title={The effectiveness of cloud databases}, 
  year={2017},
  volume={},
  number={},
  pages={1-3},
  doi={10.1109/ICAMMAET.2017.8186694}}

% 04
@INPROCEEDINGS{04,
  author={Nair M., Abhishek and Dewangan, Aman and Mary A., Geetha},
  booktitle={2019 Innovations in Power and Advanced Computing Technologies (i-PACT)}, 
  title={Efficient Retrieval of Data from Cloud Databases using Hash Partitioned Buckets}, 
  year={2019},
  volume={1},
  number={},
  pages={1-7},
  doi={10.1109/i-PACT44901.2019.8960047}}

% 05
@INPROCEEDINGS{05,
  author={Ahrache, Sara Ibn El and Ghodous, Parisa and Badir, Hassan and Sbihi, Abderrahmane},
  booktitle={2013 ACS International Conference on Computer Systems and Applications (AICCSA)}, 
  title={Secure processing of large scale databases in a cloud computing environment}, 
  year={2013},
  volume={},
  number={},
  pages={1-4},
  doi={10.1109/AICCSA.2013.6616453}}

% 06
@INPROCEEDINGS{06,
  author={Capris, Ticiana and Melo, Pedro and Garcia, Nuno M. and Pires, Ivan Miguel and Zdravevski, Eftim},
  booktitle={2022 International Conference on Data Analytics for Business and Industry (ICDABI)}, 
  title={Comparison of SQL and NoSQL databases with different workloads: MongoDB vs MySQL evaluation}, 
  year={2022},
  volume={},
  number={},
  pages={214-218},
  doi={10.1109/ICDABI56818.2022.10041513}}

% 07
@INPROCEEDINGS{07,
  author={Chakraborty, Soarov and Paul, Shourav and Azharul Hasan, K. M.},
  booktitle={2021 2nd International Conference on Robotics, Electrical and Signal Processing Techniques (ICREST)}, 
  title={Performance Comparison for Data Retrieval from NoSQL and SQL Databases: A Case Study for COVID-19 Genome Sequence Dataset}, 
  year={2021},
  volume={},
  number={},
  pages={324-328},
  doi={10.1109/ICREST51555.2021.9331044}}

% 08
@INPROCEEDINGS{08,
  author={Rajalakshmi, K. and Sambath, M. and Joseph, Linda},
  booktitle={2023 International Conference on Computer Communication and Informatics (ICCCI)}, 
  title={Research Challenges and Future Directions for Data Storage in Cloud Computing Environment}, 
  year={2023},
  volume={},
  number={},
  pages={1-5},
  doi={10.1109/ICCCI56745.2023.10128609}}

% 09
@INPROCEEDINGS{09,
  author={Jain, Niraja},
  booktitle={2017 International Conference on Algorithms, Methodology, Models and Applications in Emerging Technologies (ICAMMAET)}, 
  title={The future of database services: Cloud database}, 
  year={2017},
  volume={},
  number={},
  pages={1-5},
  doi={10.1109/ICAMMAET.2017.8186697}}

% 10
@INPROCEEDINGS{10,
  author={Kesavan, Ram and Gay, David and Thevessen, Daniel and Shah, Jimit and Mohan, C.},
  booktitle={2023 IEEE 39th International Conference on Data Engineering (ICDE)}, 
  title={Firestore: The NoSQL Serverless Database for the Application Developer}, 
  year={2023},
  volume={},
  number={},
  pages={3376-3388},
  doi={10.1109/ICDE55515.2023.00259}}


% 11
@INPROCEEDINGS{11,
  author={Lehner, Wolfgang and Sattler, Kai-Uwe},
  booktitle={2010 IEEE 26th International Conference on Data Engineering (ICDE 2010)}, 
  title={Database as a service (DBaaS)}, 
  year={2010},
  volume={},
  number={},
  pages={1216-1217},
  doi={10.1109/ICDE.2010.5447723}}
